@article{Landin:1966:NPL:365230.365257,
 author = {Landin, P. J.},
 title = {The Next 700 Programming Languages},
 journal = {Commun. ACM},
 issue_date = {March 1966},
 volume = {9},
 number = {3},
 month = mar,
 year = {1966},
 issn = {0001-0782},
 pages = {157--166},
 numpages = {10},
 url = {http://doi.acm.org/10.1145/365230.365257},
 doi = {10.1145/365230.365257},
 acmid = {365257},
 publisher = {ACM},
 address = {New York, NY, USA},
}


@misc{wiki:Fouine,
   author = "Wikipedia",
   title = "{Fouine} --- {W}ikipedia{,} The Free Encyclopedia",
   year = "2018",
   url = {http://fr.wikipedia.org/w/index.php?title=Fouine&oldid=148001973},
   note = "[Online; accessed 18-May-2018]"
 }

@misc{di:fouine,
   author = "Daniel Hirschkoff",
   title = "{Fouine} --- Sp√©cification",
   year = "2018",
   url = {http://www.ens-lyon.fr/DI/?p=5451},
   note = "[Online; accessed 18-May-2018]"
 }
