@InProceedings{ProjInt16,
  author = 	 {Les M1 du DI},
  title = 	 {Notre beau projet intégré},
  booktitle = 	 {Recueil des projets intégrés de l'année},
  crossref = {allProjInt16},
  pages = {10--22},
  year = 	 2016}


@Proceedings{allProjInt16,
  title = 	 {Recueil des projets intégrés de l'année},
  year = 	 2016,
  volume = 	 1,
  series = {Best sellers du DI},
  publisher = {ENS de Lyon},
  editor = {Eddy Caron}
}

